
@Article{JINA,
Author = "Cyburt, R. H. and others",
Title = "The JINA REACLIB database: its recent updates and impact on type-I x-ray bursts",
Journal = "The Astrophysical Journal Supplement Series",
Volume = 189,
Pages = "240-252",
year = 2010
}
@Article{SkyNet,
Author = "J. Lippuner, L. F. Roberts",
Title = "SkyNet: A Modular Nuclear Reaction Network Library",
Journal = "The Astrophysical Journal Supplement Series",
Volume = 223,
Pages = "1-31",
year = 2017
}
@Article{ENDF,
Author = "Brown, D. and others",
Title = "ENDF/B-VIII.0: The 8th Major Release of the Nuclear Reaction Data Library with CIELO-project Cross Sections, New Standards and Thermal Scattering Data",
Journal = "Nuclear Data Sheets",
Volume = 148,
Pages = "1-142",
year = 2018
}
@Article{fudge,
Author = "Mattoon, C. M. and others",
Title = "Generalized Nuclear Data: A New Structure (with Supporting Infrastructure) for Handling Nuclear Data",
Journal = "Nuclear Data Sheets",
Volume = 113,
Pages = "3145-3171",
year = 2012
}
@Article{parameter,
Author = " Thielmann, F. K. and others",
Title = "Astrophysical reaction rates from statistical model calculations",
Journal = "Atomic Data and Nuclear Data Tables",
Volume = 75,
Pages = "1-351",
year = 2000
}
@Article{kadonis,
Author = "Dillmann, I. and others",
Title = "The Karlsruhe Astrophysical Database of Nucleosynthesis in Stars Project – Status and Prospects",
Journal = "Nuclear Data Sheets",
Volume = 120,
Pages = "171-174",
year = 2014
}
@Article{mesa,
Author = "Paxton, B. and others",
Title = "The Karlsruhe Astrophysical Database of Nucleosynthesis in Stars Project – Status and Prospects",
Journal = "The Astrophysical Journal Supplement Series",
Volume = 192,
Pages = "1-35",
year = 2010
}

@Article{ligo,
Author = "Abbott, B.P. and others",
Title = "Observation of Gravitational Waves from a Binary Neutron Star Inspiral",
Journal = "Physical Review Letters",
Volume = 119,
Pages = "1-18",
year = 2017
}

@Article{rprocess,
Author = "Gorielya, S. and Martínez Pinedobc, G.",
Title = "The production of transuranium elements by the r-process nucleosynthesis",
Journal = "Nuclear Physics A",
Volume = 944,
Pages = "158-176",
year = 2015
}

@Article{cosmo,
Author = "Rolfs, C. and Rodney, W.",
Title = "Cauldrons in the Cosmos",
Journal = "University of Chicago Press",
year = 1988
}
@Article{nif,
Author = "Moses, E. I. and others",
Title = "The National Ignition Facility: ushering in a new age for high energy density science",
Journal = "Physics of Plasmas",
Volume = 16,
year = 2009
}
